00590cas a22002291a 4500
001 999270343502836
003 Nz
005 20161026101117.0
008 031218d19871988nz  r ne      000 a0eng d
035    $a (Nz)8131329
035    $a (NLNZils)927034
035    $a (NLNZils)927034-ilsdb
035    $a (OCoLC)965538934
040    $a WN $c WN
042    $a nznb
043    $a u-nz---
245 00 $a Auckland sun.
260    $a [Auckland, N.Z. : $b s.n., $c 1987-1988]
310    $a Daily
362 0  $a 1987 Aug.10-1988 Jul.8
651  0 $a Auckland (N.Z.) $v Newspapers.
655  7 $a New Zealand newspapers. $2 local $5 Nz
